@article{kydland1982,
  title={Time to build and aggregate fluctuations},
  author={Kydland, Finn E and Prescott, Edward C},
  journal={Econometrica: Journal of the Econometric Society},
  pages={1345--1370},
  year={1982},
  publisher={JSTOR}
}


@article{miles1978,
  title={Currency substitution, flexible exchange rates, and monetary independence},
  author={Miles, Marc A},
  journal={The American Economic Review},
  volume={68},
  number={3},
  pages={428--436},
  year={1978},
  publisher={JSTOR}
}


@article{sato1967,
  title={A two-level constant-elasticity-of-substitution production function},
  author={Sato, Kazuo},
  journal={The Review of Economic Studies},
  volume={34},
  number={2},
  pages={201--218},
  year={1967},
  publisher={JSTOR}
}

@article{mukerji1963generalized,
  title={A generalized SMAC function with constant ratios of elasticity of substitution},
  author={Mukerji, V},
  journal={The Review of Economic Studies},
  volume={30},
  number={3},
  pages={233--236},
  year={1963},
  publisher={JSTOR}
}


@article{revankar1971class,
  title={A class of variable elasticity of substitution production functions},
  author={Revankar, Nagesh S},
  journal={Econometrica: Journal of the Econometric Society},
  pages={61--71},
  year={1971},
  publisher={JSTOR}
}



@article{mcfadden1963constant,
  title={Constant elasticity of substitution production functions},
  author={McFadden, Daniel},
  journal={The Review of Economic Studies},
  volume={30},
  number={2},
  pages={73--83},
  year={1963},
  publisher={JSTOR}
}

@article{Solow1956,
author = {Solow, Robert M.},
title = {A Contribution to the Theory of Economic Growth},
volume = {70},
number = {1},
pages = {65-94},
year = {1956},
doi = {10.2307/1884513},
abstract ={I. Introduction, 65. — II. A model of long-run growth, 66. — III. Possible growth patterns, 68. — IV. Examples, 73. — V. Behavior of interest and wage rates, 78. — VI. Extensions, 85. — VII. Qualifications, 91.},
URL = {http://qje.oxfordjournals.org/content/70/1/65.abstract},
eprint = {http://qje.oxfordjournals.org/content/70/1/65.full.pdf+html},
journal = {The Quarterly Journal of Economics}
}

@Article{DixitStiglitz1977,
  author={Dixit, Avinash K and Stiglitz, Joseph E},
  title={{Monopolistic Competition and Optimum Product Diversity}},
  journal={American Economic Review},
  year=1977,
  volume={67},
  number={3},
  pages={297-308},
  month={June},
  keywords={},
  doi={},
  abstract={No abstract is available for this item.},
  url={https://ideas.repec.org/a/aea/aecrev/v67y1977i3p297-308.html}
}

@article{Armington1969,
 ISSN = {00208027},
 URL = {http://www.jstor.org/stable/3866403},
 abstract = {Cette étude offre un appui théorique à certaines pratiques de recherche selon lesquelles la variation d'un flux commercial particulier entre pays est considérée comme la résultante de deux éléments: la modification qui se produirait si le pays fournisseur donné devait conserver sa part du marché, et l'écart entre les ventes effectives et celles qui s'effectueraient si sa part du marché demeurait constante. Ces pratiques comprennent la méthode de prévision des échanges dans laquelle: 1) les prévisions de l'expansion des divers marchés, combinées avec une matrice relative à la période courante, fournissent une matrice pour la période future établie sur la base de parts du marché constantes; 2) cette matrice établie sur la base de parts du marché constantes est modifiée pour tenir compte de facteurs censés engendrer des gains ou des pertes de parts. Dans la présente étude, on fait valoir que l'analyse des modifications des flux commerciaux en deux éléments représentant, l'un des parts du marché constantes et l'autre des parts du marché modifiées, n'intéresse pas seulement la comptabilité, mais qu'elle peut certainement être rattachée purement et simplement à la théorie traditionnelle du comportement des consommateurs. On part de l'hypothèse que les produits sont différenciés non seulement d'après leur espèce mais également d'après leur origine. Autrement dit, on suppose que des produits originaires de différents pays et offerts concurrement sur le même marché ne sont pas susceptibles de se remplacer parfaitement. Il est démontré ensuite qu'une spécialisation poussée et suffisamment réaliste de la fonction de bien-être de Hicks permet d'obtenir des équations assez simples de la demande englobant les deux éléments mentionnés plus haut. Cette spécialisation se fonde sur l'hypothèse "d' indépendance" (telle qu'elle a été formulée par R. M. Solow, R. H. Strotz et d'autres) ainsi que sur celle selon laquelle les élasticités du remplacement entre produits offerts concurremment sur un marché quelconque donné sont constantes et égales. /// Este estudio ofrece un apoyo teórico a ciertas prácticas de investigación según las cuales a la variación en una corriente determinada de intercambio entre países se la considera como la suma de dos componentes: la variación que ocurriría si un país vendedor dado mantuviera su participación en el mercado, y la desviación de las ventas efectivas con respecto a las ventas que tendrían lugar de permanecer constantes las participaciones. Dichas prácticas incluyen la previsión de los intercambios, en la cual 1) los pronósticos del crecimiento en diversos mercados, junto con la matriz de un período de base, resultan en una matriz de participaciones constantes para el período futuro, y 2) se modifica esta matriz de participaciones constantes para tener en cuenta a los factores que se espere que produzcan pérdidas o ganancias en las participaciones. En este trabajo se mantiene que el análisis de las variaciones en las corrientes de intercambio comercial, separando el componente de participaciones constantes y el de ajuste de las participaciones, es más que una simple cuestión de contabilidad, y en realidad se le puede ligar sencilla y rigurosamente a la teoría tradicional del comportamiento del consumidor. El punto de partida es el supuesto de que se establecen distinciones no solamente según la clase de los productos sino también según el lugar de producción de los mismos. Es decir, se supone que los productos de distintos países que compiten en el mismo mercado son sustitutos imperfectos. Se demuestra luego que una especialización eficaz y bastante realista de la función hicksiana del bienestar lleva a relaciones de demanda muy sencillas en las que se incluyen los componentes de la participación constante y del ajuste de las participaciones. Esta especialización exige el supuesto de "independencia" (que formularan R. M. Solow, R. H. Strotz, et al.) y el supuesto de que las elasticidades de sustitución entre los productos que compiten en un mercado determinado son constantes e iguales.},
 author = {Paul S. Armington},
 journal = {Staff Papers (International Monetary Fund)},
 number = {1},
 pages = {159-178},
 publisher = {Palgrave Macmillan Journals},
 title = {A Theory of Demand for Products Distinguished by Place of Production},
 volume = {16},
 year = {1969}
}

@article{ACMS1961,
 ISSN = {00208027},
 URL = {http://www.jstor.org/stable/3866403},
 author = {Arrow, Kenneth J. and Chenery, Hollis B. and Minhas, Bagicha S. and Solow, Robert M.},
 journal = {The Review of Economics and Statistics)},
 number = {3},
 pages = {225-250},
 publisher = {Palgrave Macmillan Journals},
 title = {{Capital Labor Substitution and Economic Efficiency}},
 volume = {43},
 year = {1961}
}

@article{BlanchardKiyotaki1987,
 ISSN = {00028282},
 URL = {http://www.jstor.org/stable/1814537},
 abstract = {How important is monopolistic competition to an understanding of the effects of aggregate demand on output? We ask the question at three levels. Can monopolistic competition, by itself, explain why aggregate demand movements affect output? Can it, together with other imperfections, generate effects of aggregate demand in a way that perfect competition cannot? If so, can it give an accurate account of the response of the economy to aggregate demand movements? The answers are no, yes, and yes.},
 author = {Blanchard, Olivier Jean and Kiyotaki, Nobuhiro},
 journal = {The American Economic Review},
 number = {4},
 pages = {647-666},
 publisher = {American Economic Association},
 title = {Monopolistic Competition and the Effects of Aggregate Demand},
 volume = {77},
 year = {1987}
}

@article{SmetsWouters2007,
Author = {Smets, Frank and Wouters, Rafael},
Title = {Shocks and Frictions in US Business Cycles: A Bayesian DSGE Approach},
Journal = {American Economic Review},
Volume = {97},
Number = {3},
Year = {2007},
Month = {June},
Pages = {586-606},
DOI = {10.1257/aer.97.3.586},
URL = {http://www.aeaweb.org/articles?id=10.1257/aer.97.3.586}}

@Article{CEE2005,
  author={Lawrence J. Christiano and Martin Eichenbaum and Charles L. Evans},
  title={{Nominal Rigidities and the Dynamic Effects of a Shock to Monetary Policy}},
  journal={Journal of Political Economy},
  year=2005,
  volume={113},
  number={1},
  pages={1-45},
  month={February},
  keywords={},
  doi={},
  abstract={The authors’ model, embodying moderate amounts of nominal rigidities, accounts for the observed inertia in inflation and persistence in output. The key features of their model are those that prevent a sharp rise in marginal costs after an expansionary shock to monetary policy. Of these features, the most important are staggered wage contracts of average duration (three quarters) and variable capital utilization.<P>(This abstract was borrowed from another version of this item.)},
  url={https://ideas.repec.org/a/ucp/jpolec/v113y2005i1p1-45.html}
}

@article{EpsteinZin1989,
 ISSN = {00129682, 14680262},
 URL = {http://www.jstor.org/stable/1913778},
 abstract = {This paper develops a class of recursive, but not necessarily expected utility, preferences over intertemporal consumption lotteries. An important feature of these general preferences is that they permit risk attitudes to be disentangled from the degree of intertemporal substitutability. Moreover, in an infinite horizon, representative agent context these preference specifications lead to a model of asset returns in which appropriate versions of both the atemporal CAPM and the intertemporal consumption-CAPM are nested as special cases. In our general model, systematic risk of an asset is determined by covariance with both the return to the market portfolio and consumption growth, while in each of the existing models only one of these factors plays a role. This result is achieved despite the homotheticity of preferences and the separability of consumption and portfolio decisions. Two other auxiliary analytical contributions which are of independent interest are the proofs of (i) the existence of recursive intertemporal utility functions, and (ii) the existence of optima to corresponding optimization problems. In proving (i), it is necessary to define a suitable domain for utility functions. This is achieved by extending the formulation of the space of temporal lotteries in Kreps and Porteus (1978) to an infinite horizon framework. A final contribution is the integration into a temporal setting of a broad class of a temporal non-expected utility theories. For homogeneous members of the class due to Chew (1985) and Dekel (1986), the corresponding intertemporal asset pricing model is derived.},
 author = {Epstein, Larry G. and Zin, Stanley E.},
 journal = {Econometrica},
 number = {4},
 pages = {937-969},
 publisher = {[Wiley, Econometric Society]},
 title = {Substitution, Risk Aversion, and the Temporal Behavior of Consumption and Asset Returns: A Theoretical Framework},
 volume = {57},
 year = {1989}
}

@Article{Krugman1991,
  author={Krugman, Paul},
  title={{Increasing Returns and Economic Geography}},
  journal={Journal of Political Economy},
  year=1991,
  volume={99},
  number={3},
  pages={483-99},
  month={June},
  keywords={},
  doi={},
  abstract={ This paper develops a simple model that shows how a country can endogenously become differentiated into an industrialized \&quot;core\&quot; and an agricultural \&quot;periphery.\&quot; In order to realize scale economies while minimizing transport costs, manufacturing firms tend to locate in the region with larger demand, but the location of demand itself depends on the distribution of manufacturing. Emergence of a core-periphery pattern depends on transportations costs, economies of scale, and the share of manufacturing in national income. Copyright 1991 by University of Chicago Press.},
  url={https://ideas.repec.org/a/ucp/jpolec/v99y1991i3p483-99.html}
}

@article{Melitz2003,
 ISSN = {00129682, 14680262},
 URL = {http://www.jstor.org/stable/1555536},
 abstract = {This paper develops a dynamic industry model with heterogeneous firms to analyze the intra-industry effects of international trade. The model shows how the exposure to trade will induce only the more productive firms to enter the export market (while some less productive firms continue to produce only for the domestic market) and will simultaneously force the least productive firms to exit. It then shows how further increases in the industry's exposure to trade lead to additional inter-firm reallocations towards more productive firms. The paper also shows how the aggregate industry productivity growth generated by the reallocations contributes to a welfare gain, thus highlighting a benefit from trade that has not been examined theoretically before. The paper adapts Hopenhayn's (1992a) dynamic industry model to monopolistic competition in a general equilibrium setting. In so doing, the paper provides an extension of Krugman's (1980) trade model that incorporates firm level productivity differences. Firms with different productivity levels coexist in an industry because each firm faces initial uncertainty concerning its productivity before making an irreversible investment to enter the industry. Entry into the export market is also costly, but the firm's decision to export occurs after it gains knowledge of its productivity.},
 author = {Melitz, Marc J.},
 journal = {Econometrica},
 number = {6},
 pages = {1695-1725},
 publisher = {[Wiley, Econometric Society]},
 title = {The Impact of Trade on Intra-Industry Reallocations and Aggregate Industry Productivity},
 volume = {71},
 year = {2003}
}

@article{Uzawa1962,
 ISSN = {00346527, 1467937X},
 URL = {http://www.jstor.org/stable/2296305},
 author = {Uzawa, Hirofumi},
 journal = {The Review of Economic Studies},
 number = {4},
 pages = {291-299},
 publisher = {[Oxford University Press, Review of Economic Studies, Ltd.]},
 title = {Production Functions with Constant Elasticities of Substitution},
 volume = {29},
 year = {1962}
}

@BOOK{Allen1938,
  author =       {Allen, R. G. D.},
  title =        {Mathematical Analysis for Economists},
  publisher =    {MacMillan and Co.},
  year =         {1938}
}

@BOOK{Borjas2014,
  author =       {Borjas, George},
  title =        {Immigration Economics},
  publisher =    {Harvard Univ. Press},
  year =         {2014}
}

@INBOOK{LewisPeri2015,
  author =       {Lewis, Ethan and Peri, Giovanni},
  editor =       {Duranton, Giles and Henderson, J. Vernon and Strange, William C.},
  title =        {Immigrtion and the Economy of Cities and Regions},
  pages =        {625-685},
  publisher =    {North Holland},
  year =         {2015},
  volume =       {5A},
  series =       {Handbook of Regional and Urban Economics},
  address =      {UK}
}

@Article{Saito2012,
  author={Saito Tetsuya},
  title={{How Do We Get Cobb-Douglas and Leontief Functions from CES Function: A Lecture Note on Discrete and Continuum Differentiated Object Models}},
  journal={Journal of Industrial Organization Education},
  year=2012,
  volume={6},
  number={1},
  pages={1-13},
  month={December},
  keywords={},
  doi={},
  abstract={Most lectures teach the relationship between the CES, Cobb-Douglas, and Leontief functions using the value of elasticity of substitution, namely, in the discrete object model. This lecture note aims at being a reference for algebraic computations of the Leontief and Cobb-Douglas functions by taking limits of CES functions both in discrete and continuum goods models. The argument on the discrete case uses l'H�pital's rule as usually done. The argument on the continuum case also uses l'H�pital's rule to show the convergence to the Cobb-Douglas function. To guarantee the convergence to the Leontief function, however, we rely on the squeeze principle.},
  url={https://ideas.repec.org/a/bpj/jioedu/v6y2012i1p1-13n2.html}
}
